@BOOK{fairmlbook,
  title = {Fairness and Machine Learning: Limitations and Opportunities},
  author = {Solon Barocas and Moritz Hardt and Arvind Narayanan},
  publisher = {MIT Press},
  year = {2023}
}

@misc{germancredit,
  author       = {Hofmann,Hans},
  title        = {{Statlog (German Credit Data)}},
  year         = {1994},
  howpublished = {UCI Machine Learning Repository},
  note         = {{DOI}: https://doi.org/10.24432/C5NC77}
}

@misc{propublicacompas,
  author       = {Julia Angwin and Jeff Larson and Surya Mattu and Lauren Kirchner, ProPublica},
  title        = {Machine Bias},
  howpublished = {\url{https://web.archive.org/web/20240322030010/https://www.propublica.org/article/machine-bias-risk-assessments-in-criminal-sentencing}},
  note={[Online; Accessed: 2024-25-03]}
}

@misc{1607.06520,
      title={Man is to Computer Programmer as Woman is to Homemaker? Debiasing Word Embeddings}, 
      author={Tolga Bolukbasi and Kai-Wei Chang and James Zou and Venkatesh Saligrama and Adam Kalai},
      year={2016},
      eprint={1607.06520},
      archivePrefix={arXiv},
      primaryClass={cs.CL}
}

@article{10.1145/2866571,
author = {Ibrahim, Muhammad and Carman, Mark},
title = {Comparing Pointwise and Listwise Objective Functions for Random-Forest-Based Learning-to-Rank},
year = {2016},
issue_date = {September 2016},
publisher = {Association for Computing Machinery},
address = {New York, NY, USA},
volume = {34},
number = {4},
issn = {1046-8188},
doi = {10.1145/2866571},
month = {aug},
articleno = {20},
numpages = {38},
keywords = {Learning-to-rank, computational complexity, evaluation metrics, objective function, random forest, splitting criterion}
}

@article{Qin2010LETORAB,
  title={LETOR: A benchmark collection for research on learning to rank for information retrieval},
  author={Tao Qin and Tie-Yan Liu and Jun Xu and Hang Li},
  journal={Information Retrieval},
  year={2010},
  volume={13},
  pages={346-374},
}

@article{equityofattentionBiega,
  title={Equity of Attention: Amortizing Individual Fairness in Rankings},
  author={Asia J. Biega and Krishna P. Gummadi and Gerhard Weikum},
  journal={The 41st International ACM SIGIR Conference on Research \& Development in Information Retrieval},
  year={2018},
}

@misc{1810.08810,
      title={The Frontiers of Fairness in Machine Learning}, 
      author={Alexandra Chouldechova and Aaron Roth},
      year={2018},
      eprint={1810.08810},
      archivePrefix={arXiv},
      primaryClass={cs.LG}
}

@misc{nyt_baccalaureate,
  author       = {Meredith Broussard, New York Times},
  title        = {When Algorithms Give Real Students Imaginary Grades},
  howpublished = {\url{https://web.archive.org/web/20240223090531/https://www.nytimes.com/2020/09/08/opinion/international-baccalaureate-algorithm-grades.html}},
  note={[Online; Accessed: 2024-25-03]}
}

@inproceedings{https://arxiv.org/pdf/1904.05419.pdf,
   title={FAIRVIS: Visual Analytics for Discovering Intersectional Bias in Machine Learning},
   DOI={10.1109/vast47406.2019.8986948},
   booktitle={2019 IEEE Conference on Visual Analytics Science and Technology (VAST)},
   publisher={IEEE},
   author={Cabrera, Angel Alexander and Epperson, Will and Hohman, Fred and Kahng, Minsuk and Morgenstern, Jamie and Chau, Duen Horng},
   year={2019}
}

@inproceedings{MithraCoverage,
author = {Jin, Zhongjun and Xu, Mengjing and Sun, Chenkai and Asudeh, Abolfazl and Jagadish, H. V.},
title = {MithraCoverage: A System for Investigating Population Bias for Intersectional Fairness},
year = {2020},
isbn = {9781450367356},
publisher = {Association for Computing Machinery},
address = {New York, NY, USA},
doi = {10.1145/3318464.3384689},
booktitle = {Proceedings of the 2020 ACM SIGMOD International Conference on Management of Data},
pages = {2721–2724},
numpages = {4},
keywords = {responsible data science, fairness, data ethics},
location = {Portland, OR, USA},
series = {SIGMOD '20}
}

@article{https://www.vldb.org/pvldb/vol14/p2719-moskovitch.pdf,
  title={DENOUNCER: Detection of Unfairness in Classifiers},
  author={Jinyang Li and Yuval Moskovitch and H. V. Jagadish},
  journal={Proc. VLDB Endow.},
  year={2021},
  volume={14},
  pages={2719-2722},
}

@misc{detectionofgroups,
      title={Detection of Groups with Biased Representation in Ranking}, 
      author={Jinyang Li and Yuval Moskovitch and H. V. Jagadish},
      year={2023}
}

@inproceedings{RankNet,
author = {Burges, Chris and Shaked, Tal and Renshaw, Erin and Lazier, Ari and Deeds, Matt and Hamilton, Nicole and Hullender, Greg},
title = {Learning to rank using gradient descent},
year = {2005},
isbn = {1595931805},
publisher = {Association for Computing Machinery},
address = {New York, NY, USA},
url = {https://doi.org/10.1145/1102351.1102363},
doi = {10.1145/1102351.1102363},
booktitle = {Proceedings of the 22nd International Conference on Machine Learning},
pages = {89–96},
numpages = {8},
location = {Bonn, Germany},
series = {ICML '05}
}

@inproceedings{LambdaRank,
 author = {Burges, Christopher and Ragno, Robert and Le, Quoc},
 booktitle = {Advances in Neural Information Processing Systems},
 editor = {B. Sch\"{o}lkopf and J. Platt and T. Hoffman},
 pages = {},
 publisher = {MIT Press},
 title = {Learning to Rank with Nonsmooth Cost Functions},
 url = {https://proceedings.neurips.cc/paper_files/paper/2006/file/af44c4c56f385c43f2529f9b1b018f6a-Paper.pdf},
 volume = {19},
 year = {2006}
}

@Article{LambdaMart,
author={Wu, Qiang
and Burges, Christopher J. C.
and Svore, Krysta M.
and Gao, Jianfeng},
title={Adapting boosting for information retrieval measures},
journal={Information Retrieval},
year={2010},
month={Jun},
day={01},
volume={13},
number={3},
pages={254-270},
issn={1573-7659},
doi={10.1007/s10791-009-9112-1},
url={https://doi.org/10.1007/s10791-009-9112-1}
}


@inproceedings{ListNet,
author = {Cao, Zhe and Qin, Tao and Liu, Tie-Yan and Tsai, Ming-Feng and Li, Hang},
title = {Learning to rank: from pairwise approach to listwise approach},
year = {2007},
isbn = {9781595937933},
publisher = {Association for Computing Machinery},
address = {New York, NY, USA},
doi = {10.1145/1273496.1273513},
booktitle = {Proceedings of the 24th International Conference on Machine Learning},
pages = {129–136},
numpages = {8},
location = {Corvalis, Oregon, USA},
series = {ICML '07}
}

@misc{ifair,
      title={iFair: Learning Individually Fair Data Representations for Algorithmic Decision Making}, 
      author={Preethi Lahoti and Krishna P. Gummadi and Gerhard Weikum},
      year={2019},
      eprint={1806.01059},
      archivePrefix={arXiv},
      primaryClass={cs.LG}
}

@inproceedings{deltr, series={WWW ’20},
   title={FairSearch: A Tool For Fairness in Ranked Search Results},
   url={http://dx.doi.org/10.1145/3366424.3383534},
   DOI={10.1145/3366424.3383534},
   booktitle={Companion Proceedings of the Web Conference 2020},
   publisher={ACM},
   author={Zehlike, Meike and Sühr, Tom and Castillo, Carlos and Kitanovski, Ivan},
   year={2020},
   month=apr, collection={WWW ’20} }

@misc{fpgrank,
      title={Policy Learning for Fairness in Ranking}, 
      author={Ashudeep Singh and Thorsten Joachims},
      year={2019},
      eprint={1902.04056},
      archivePrefix={arXiv},
      primaryClass={cs.LG}
}

@misc{fabien2020concentric,
      title={Concentric mixtures of Mallows models for top-$k$ rankings: sampling and identifiability}, 
      author={Collas Fabien and Irurozki Ekhine},
      year={2020},
      eprint={2010.14260},
      archivePrefix={arXiv},
      primaryClass={stat.ML}
}

@inproceedings{taylor2008softrank,
author = {Taylor, Mike and Guiver, John and Robertson, Stephen and Minka, Tom},
title = {SoftRank: Optimising Non-Smooth Rank Metrics},
booktitle = {WSDM 2008},
year = {2008},
month = {February},
url = {https://www.microsoft.com/en-us/research/publication/softrank-optimising-non-smooth-rank-metrics/},
edition = {WSDM 2008},
}

@inproceedings{10.1145/1102351.1102363,
author = {Burges, Chris and Shaked, Tal and Renshaw, Erin and Lazier, Ari and Deeds, Matt and Hamilton, Nicole and Hullender, Greg},
title = {Learning to rank using gradient descent},
year = {2005},
isbn = {1595931805},
publisher = {Association for Computing Machinery},
address = {New York, NY, USA},
url = {https://doi.org/10.1145/1102351.1102363},
doi = {10.1145/1102351.1102363},
booktitle = {Proceedings of the 22nd International Conference on Machine Learning},
pages = {89–96},
numpages = {8},
location = {Bonn, Germany},
series = {ICML '05}
}

@misc{beutelpairwise,
      title={Fairness in Recommendation Ranking through Pairwise Comparisons}, 
      author={Alex Beutel and Jilin Chen and Tulsee Doshi and Hai Qian and Li Wei and Yi Wu and Lukasz Heldt and Zhe Zhao and Lichan Hong and Ed H. Chi and Cristos Goodrow},
      year={2019},
      eprint={1903.00780},
      archivePrefix={arXiv},
      primaryClass={cs.CY}
}

@article{joachims2007search,
author = {Joachims, Thorsten and Radlinski, Filip},
title = {Search Engines that Learn from Implicit Feedback},
year = {2007},
month = {August},
publisher = {Institute of Electrical and Electronics Engineers, Inc.},
url = {https://www.microsoft.com/en-us/research/publication/search-engines-that-learn-from-implicit-feedback/},
pages = {34-40},
journal = {Computer},
volume = {40},
number = {8},
}

@inproceedings{10.1145/1341531.1341545,
author = {Craswell, Nick and Zoeter, Onno and Taylor, Michael and Ramsey, Bill},
title = {An experimental comparison of click position-bias models},
year = {2008},
isbn = {9781595939272},
publisher = {Association for Computing Machinery},
address = {New York, NY, USA},
url = {https://doi.org/10.1145/1341531.1341545},
doi = {10.1145/1341531.1341545},
booktitle = {Proceedings of the 2008 International Conference on Web Search and Data Mining},
pages = {87–94},
numpages = {8},
keywords = {web search models, user behavior, click data},
location = {Palo Alto, California, USA},
series = {WSDM '08}
}

@article{doi:10.1287/ijoc.11.2.138,
author = {Cook, William and Rohe, Andr\'{e}},
title = {Computing Minimum-Weight Perfect Matchings},
journal = {INFORMS Journal on Computing},
volume = {11},
number = {2},
pages = {138-148},
year = {1999},
doi = {10.1287/ijoc.11.2.138},

URL = {
        https://doi.org/10.1287/ijoc.11.2.138
    },
eprint = { 
        https://doi.org/10.1287/ijoc.11.2.138
}
}

@inproceedings{FairnessofExposureSJ, series={KDD ’18},
   title={Fairness of Exposure in Rankings},
   url={http://dx.doi.org/10.1145/3219819.3220088},
   DOI={10.1145/3219819.3220088},
   booktitle={Proceedings of the 24th ACM SIGKDD International Conference on Knowledge Discovery \& Data Mining},
   publisher={ACM},
   author={Singh, Ashudeep and Joachims, Thorsten},
   year={2018},
   month=jul, collection={KDD ’18} }

@inproceedings{linkedin,
author = {Geyik, Sahin Cem and Ambler, Stuart and Kenthapadi, Krishnaram},
title = {Fairness-Aware Ranking in Search \& Recommendation Systems with Application to LinkedIn Talent Search},
year = {2019},
isbn = {9781450362016},
publisher = {Association for Computing Machinery},
address = {New York, NY, USA},
url = {https://doi.org/10.1145/3292500.3330691},
doi = {10.1145/3292500.3330691},
booktitle = {Proceedings of the 25th ACM SIGKDD International Conference on Knowledge Discovery \& Data Mining},
pages = {2221–2231},
numpages = {11},
keywords = {fairness-aware ranking, talent search \& recommendation systems},
location = {Anchorage, AK, USA},
series = {KDD '19}
}

@inproceedings{RAPF,
author = {Wei, Dong and Islam, Md Mouinul and Schieber, Baruch and Basu Roy, Senjuti},
title = {Rank Aggregation with Proportionate Fairness},
year = {2022},
isbn = {9781450392495},
publisher = {Association for Computing Machinery},
address = {New York, NY, USA},
url = {https://doi.org/10.1145/3514221.3517865},
doi = {10.1145/3514221.3517865},
booktitle = {Proceedings of the 2022 International Conference on Management of Data},
pages = {262–275},
numpages = {14},
keywords = {algorithms, p-fairness, rank aggregation},
location = {Philadelphia, PA, USA},
series = {SIGMOD '22}
}

@inproceedings{fair, series={CIKM ’17},
   title={FA*IR: A Fair Top-k Ranking Algorithm},
   url={http://dx.doi.org/10.1145/3132847.3132938},
   DOI={10.1145/3132847.3132938},
   booktitle={Proceedings of the 2017 ACM on Conference on Information and Knowledge Management},
   publisher={ACM},
   author={Zehlike, Meike and Bonchi, Francesco and Castillo, Carlos and Hajian, Sara and Megahed, Mohamed and Baeza-Yates, Ricardo},
   year={2017},
   month=nov, collection={CIKM ’17} }


@misc{https://arxiv.org/abs/2108.07450,
      title={Identifying Biased Subgroups in Ranking and Classification}, 
      author={Eliana Pastor and Luca de Alfaro and Elena Baralis},
      year={2021},
      eprint={2108.07450},
      archivePrefix={arXiv},
      primaryClass={cs.LG}
}

@article{foundationsofDPDwork,
  title={The algorithmic foundations of differential privacy},
  author={Dwork, Cynthia and Roth, Aaron and others},
  journal={Foundations and Trends{\textregistered} in Theoretical Computer Science},
  volume={9},
  number={3--4},
  pages={211--407},
  year={2014},
  publisher={Now Publishers, Inc.}
}

@misc{1609.07236,
      title={On the (im)possibility of fairness}, 
      author={Sorelle A. Friedler and Carlos Scheidegger and Suresh Venkatasubramanian},
      year={2016},
      eprint={1609.07236},
      archivePrefix={arXiv},
      primaryClass={cs.CY}
}

@article{3533379,
author = {Zehlike, Meike and Yang, Ke and Stoyanovich, Julia},
title = {Fairness in Ranking, Part I: Score-Based Ranking},
year = {2022},
issue_date = {June 2023},
publisher = {Association for Computing Machinery},
address = {New York, NY, USA},
volume = {55},
number = {6},
issn = {0360-0300},
url = {https://doi.org/10.1145/3533379},
doi = {10.1145/3533379},
journal = {ACM Comput. Surv.},
month = {dec},
articleno = {118},
numpages = {36},
keywords = {survey, responsible data science, set selection, ranking, Fairness}
}

@misc{yang2016measuring,
      title={Measuring Fairness in Ranked Outputs}, 
      author={Ke Yang and Julia Stoyanovich},
      year={2016},
      eprint={1610.08559},
      archivePrefix={arXiv},
      primaryClass={cs.DB}
}

@article{3533380,
author = {Zehlike, Meike and Yang, Ke and Stoyanovich, Julia},
title = {Fairness in Ranking, Part II: Learning-to-Rank and Recommender Systems},
year = {2022},
issue_date = {June 2023},
publisher = {Association for Computing Machinery},
address = {New York, NY, USA},
volume = {55},
number = {6},
issn = {0360-0300},
url = {https://doi.org/10.1145/3533380},
doi = {10.1145/3533380},
journal = {ACM Comput. Surv.},
month = {dec},
articleno = {117},
numpages = {41},
keywords = {survey, responsible data science, set selection, ranking, Fairness}
}

@misc{dwork2011fairness,
      title={Fairness Through Awareness}, 
      author={Cynthia Dwork and Moritz Hardt and Toniann Pitassi and Omer Reingold and Rich Zemel},
      year={2011},
      eprint={1104.3913},
      archivePrefix={arXiv},
      primaryClass={cs.CC}
}

@article{mallows,
  title={Non-null ranking models. {I}},
  author={Mallows, Colin L},
  journal={Biometrika},
  volume={44},
  number={1/2},
  pages={114--130},
  year={1957},
  publisher={JSTOR}
}

@misc{2403.00742,
      title={Dialect prejudice predicts AI decisions about people's character, employability, and criminality}, 
      author={Valentin Hofmann and Pratyusha Ria Kalluri and Dan Jurafsky and Sharese King},
      year={2024},
      eprint={2403.00742},
      archivePrefix={arXiv},
      primaryClass={cs.CL}
}

@article{mallows1957non,
  title={Non-null ranking models. I},
  author={Mallows, Colin L},
  journal={Biometrika},
  volume={44},
  number={1/2},
  pages={114--130},
  year={1957},
  publisher={JSTOR}
}

